<?xml version="1.0" encoding="UTF-8"?>
<record xmlns="http://www.loc.gov/MARC21/slim" xmlns:xsi="http://www.w3.org/2001/XMLSchema-instance" xsi:schemaLocation="http://www.loc.gov/MARC21/slim http://www.loc.gov/standards/marcxml/schema/MARC21slim.xsd">
<leader>00000cam a22      a 4500</leader>
<controlfield tag="001">001678001</controlfield>
<controlfield tag="003">NNU</controlfield>
<controlfield tag="005">20150707162443.0</controlfield>
<controlfield tag="008">910426s1970    ir h     b    001 0cara d</controlfield>
<datafield tag="035" ind1=" " ind2=" ">
<subfield code="a">(OCoLC)23615436</subfield>
</datafield>
<datafield tag="040" ind1=" " ind2=" ">
<subfield code="a">CLU</subfield>
<subfield code="b">eng</subfield>
<subfield code="c">CLU</subfield>
<subfield code="d">CUS</subfield>
<subfield code="d">OCL</subfield>
<subfield code="d">OCLCG</subfield>
<subfield code="d">CUY</subfield>
<subfield code="d">OCLCQ</subfield>
<subfield code="d">OCLCO</subfield>
<subfield code="d">OCLCQ</subfield>
<subfield code="d">NNU</subfield>
</datafield>
<datafield tag="050" ind1=" " ind2="4">
<subfield code="a">BP136.4</subfield>
<subfield code="b">K37 1970</subfield>
</datafield>
<datafield tag="100" ind1="1" ind2=" ">
<subfield code="6">880-01</subfield>
<subfield code="a">Ṭūsī, Muḥammad ibn al-Ḥasan,</subfield>
<subfield code="d">995-1067?</subfield>
</datafield>
<datafield tag="240" ind1="1" ind2="0">
<subfield code="6">880-02</subfield>
<subfield code="a">Ikhtiyār maʻrifat al-rijāl</subfield>
</datafield>
<datafield tag="245" ind1="1" ind2="0">
<subfield code="6">880-03</subfield>
<subfield code="a">Ikhtiyār maʻrifat al-rijāl, al-maʻrūf bi-Rijāl al-Kashshī /</subfield>
<subfield code="c">li-Shaykh al-Ṭāʼifah al-Imāmiyah Abī Jaʻfar Muḥammad ibn al-Ḥasan ibn ʻAlī al-Ṭūsī ; ṣaḥḥaḥahu wa-ʻallaqa ʻalayhi wa-qaddama lahu wa-waḍaʻa fahārisahu Ḥasan al-Moṣṭafawī.</subfield>
</datafield>
<datafield tag="246" ind1="3" ind2=" ">
<subfield code="6">880-04</subfield>
<subfield code="a">Rijāl al-Kashshī</subfield>
</datafield>
<datafield tag="246" ind1="3" ind2=" ">
<subfield code="a">Ekhtiaro Maʻrafater-rejall</subfield>
</datafield>
<datafield tag="246" ind1="3" ind2=" ">
<subfield code="a">Rejal-ol-Kashi</subfield>
</datafield>
<datafield tag="260" ind1=" " ind2=" ">
<subfield code="6">880-05</subfield>
<subfield code="a">Mashhad :</subfield>
<subfield code="b">Danishgah,</subfield>
<subfield code="c">1348 [1970]</subfield>
</datafield>
<datafield tag="300" ind1=" " ind2=" ">
<subfield code="a">35, 616, 343 pages :</subfield>
<subfield code="b">facsimiles ;</subfield>
<subfield code="c">25 cm</subfield>
</datafield>
<datafield tag="336" ind1=" " ind2=" ">
<subfield code="a">text</subfield>
<subfield code="b">txt</subfield>
<subfield code="2">rdacontent</subfield>
</datafield>
<datafield tag="337" ind1=" " ind2=" ">
<subfield code="a">unmediated</subfield>
<subfield code="b">n</subfield>
<subfield code="2">rdamedia</subfield>
</datafield>
<datafield tag="338" ind1=" " ind2=" ">
<subfield code="a">volume</subfield>
<subfield code="b">nc</subfield>
<subfield code="2">rdacarrier</subfield>
</datafield>
<datafield tag="500" ind1=" " ind2=" ">
<subfield code="a">Title on added t.p.: Ekhtiaro Maʻrafater-rejall known as Rejal-ol-Kashi.</subfield>
</datafield>
<datafield tag="504" ind1=" " ind2=" ">
<subfield code="a">Includes bibliographical references and indexes.</subfield>
</datafield>
<datafield tag="600" ind1="1" ind2="0">
<subfield code="a">Ṭūsī, Muḥammad ibn al-Ḥasan,</subfield>
<subfield code="d">995-1067?</subfield>
<subfield code="t">Ikhtiyār maʻrifat al-rijāl.</subfield>
</datafield>
<datafield tag="650" ind1=" " ind2="0">
<subfield code="a">Hadith (Shiites)</subfield>
<subfield code="x">Authorities</subfield>
<subfield code="v">Early works to 1800.</subfield>
</datafield>
<datafield tag="700" ind1="1" ind2=" ">
<subfield code="6">880-06</subfield>
<subfield code="a">Kashshī, Abū ʻAmr Muḥammad ibn ʻUmar,</subfield>
<subfield code="d">active 10th century.</subfield>
</datafield>
<datafield tag="700" ind1="1" ind2=" ">
<subfield code="6">880-07</subfield>
<subfield code="a">Muṣṭafavī, Ḥasan.</subfield>
</datafield>
<datafield tag="776" ind1="0" ind2="8">
<subfield code="i">Online version:</subfield>
<subfield code="a">Ṭūsī, Muḥammad ibn al-Ḥasan, 995-1067?</subfield>
<subfield code="s">Ikhtiyār maʻrifat al-rijāl.</subfield>
<subfield code="t">Ikhtiyār maʻrifat al-rijāl, al-maʻrūf bi-Rijāl al-Kashshī.</subfield>
<subfield code="d">Mashhad : Danishgah, 1348 [1970]</subfield>
<subfield code="w">(OCoLC)701753202</subfield>
</datafield>
<datafield tag="880" ind1="1" ind2=" ">
<subfield code="6">100-01/</subfield>
<subfield code="a">‏طوسي، محمد بن الحسن،‏</subfield>
<subfield code="d">995-1067?</subfield>
</datafield>
<datafield tag="880" ind1="1" ind2="0">
<subfield code="6">240-02/</subfield>
<subfield code="a">اختيار معرفة الرجال</subfield>
</datafield>
<datafield tag="880" ind1="1" ind2="0">
<subfield code="6">245-03/</subfield>
<subfield code="a">‏إختيار معرفة الرجال، المعروف برجال الكشي /‏</subfield>
<subfield code="c">‏لأبي جعفر محمد بن الحسن بن علي الطوسي ؛ صححه وعلق عليه وقدم له ووضع فهارسه حسن المصطفوي.</subfield>
</datafield>
<datafield tag="880" ind1="3" ind2=" ">
<subfield code="6">246-04/</subfield>
<subfield code="a">‏رجال الكشي</subfield>
</datafield>
<datafield tag="880" ind1=" " ind2=" ">
<subfield code="6">260-05/</subfield>
<subfield code="a">مشهد :</subfield>
<subfield code="b">دنشگة،</subfield>
<subfield code="c">1348 [1970]</subfield>
</datafield>
<datafield tag="880" ind1="1" ind2=" ">
<subfield code="6">700-06/</subfield>
<subfield code="a">كشي، ابو عمرو محمد بن عمر،</subfield>
<subfield code="d">active 10th century.</subfield>
</datafield>
<datafield tag="880" ind1="1" ind2=" ">
<subfield code="6">700-07/</subfield>
<subfield code="a">‏مصطفوى، حسن.</subfield>
</datafield>
<datafield tag="OWN" ind1=" " ind2=" ">
<subfield code="a">GENERAL</subfield>
</datafield>
<datafield tag="AVA" ind1=" " ind2=" ">
<subfield code="a">NYU50</subfield>
<subfield code="b">BOBST</subfield>
<subfield code="c">Main Collection</subfield>
<subfield code="d">BP193.28 .T87</subfield>
<subfield code="e">unavailable</subfield>
<subfield code="t">Unavailable</subfield>
<subfield code="f">1</subfield>
<subfield code="g">1</subfield>
<subfield code="h">N</subfield>
<subfield code="i">0</subfield>
<subfield code="j">MAIN</subfield>
<subfield code="k">0</subfield>
</datafield>
</record>
